<record><leader>00000cas a2200000 a 4500</leader><controlfield tag="001">9694109</controlfield><controlfield tag="008">830712d17941797nhuwr ne      0    0eng c</controlfield><datafield ind1=" " ind2=" " tag="010"><subfield code="a">sn 83025576 </subfield></datafield><datafield ind1=" " ind2=" " tag="040"><subfield code="a">NPV</subfield><subfield code="b">eng</subfield><subfield code="c">NPV</subfield><subfield code="d">NPX</subfield><subfield code="d">DLC</subfield><subfield code="d">NPA</subfield><subfield code="d">NPU</subfield><subfield code="d">DLC</subfield><subfield code="d">NJW</subfield><subfield code="d">YOX</subfield><subfield code="d">KNP</subfield><subfield code="d">NVH</subfield><subfield code="d">HUL</subfield><subfield code="d">CNK</subfield><subfield code="d">NVK</subfield><subfield code="d">OCL</subfield><subfield code="d">CVF</subfield><subfield code="d">NYS</subfield><subfield code="d">KRTAS</subfield><subfield code="d">OCLCQ</subfield><subfield code="d">OCLCF</subfield><subfield code="d">OCLCO</subfield></datafield><datafield ind1=" " ind2=" " tag="042"><subfield code="a">pcc</subfield></datafield><datafield ind1=" " ind2=" " tag="043"><subfield code="a">n-us-nh</subfield></datafield><datafield ind1="0" ind2="0" tag="050"><subfield code="a">Newspaper</subfield></datafield><datafield ind1="0" ind2="4" tag="245"><subfield code="a">The Newhampshire and Vermont journal, or, the farmer's weekly museum.</subfield></datafield><datafield ind1="3" ind2="0" tag="246"><subfield code="a">New Hampshire and Vermont journal, or, the farmer's weekly museum</subfield></datafield><datafield ind1="3" ind2="0" tag="246"><subfield code="a">Farmer's weekly museum</subfield></datafield><datafield ind1=" " ind2=" " tag="260"><subfield code="a">Walpole, N.H. :</subfield><subfield code="b">I. Thomas and D. Carlisle,</subfield><subfield code="c">1794-1797.</subfield></datafield><datafield ind1=" " ind2=" " tag="310"><subfield code="a">Weekly</subfield></datafield><datafield ind1="0" ind2=" " tag="362"><subfield code="a">Vol. 2, no. 53 (Apr. 11, 1794)-v. 4, no. 208 (Mar. 28, 1797).</subfield></datafield><datafield ind1="4" ind2=" " tag="510"><subfield code="a">Brigham, C.S. Early American newspapers</subfield><subfield code="c">p. 489</subfield></datafield><datafield ind1=" " ind2=" " tag="530"><subfield code="a">Available on microfilm from Readex Microprint Corp.</subfield></datafield><datafield ind1=" " ind2="0" tag="651"><subfield code="a">Walpole (N.H.)</subfield><subfield code="v">Newspapers.</subfield></datafield><datafield ind1=" " ind2="0" tag="651"><subfield code="a">Cheshire County (N.H.)</subfield><subfield code="v">Newspapers.</subfield></datafield><datafield ind1=" " ind2="7" tag="655"><subfield code="a">Newspapers.</subfield><subfield code="2">fast</subfield><subfield code="0">(OCoLC)fst01423814</subfield></datafield><datafield ind1=" " ind2="7" tag="651"><subfield code="a">New Hampshire</subfield><subfield code="z">Cheshire County.</subfield><subfield code="2">fast</subfield><subfield code="0">(OCoLC)fst01221060</subfield></datafield><datafield ind1=" " ind2="7" tag="651"><subfield code="a">New Hampshire</subfield><subfield code="z">Walpole.</subfield><subfield code="2">fast</subfield><subfield code="0">(OCoLC)fst01222428</subfield></datafield><datafield ind1=" " ind2=" " tag="752"><subfield code="a">United States</subfield><subfield code="b">New Hampshire</subfield><subfield code="c">Cheshire</subfield><subfield code="d">Walpole.</subfield></datafield><datafield ind1="0" ind2="0" tag="780"><subfield code="t">Newhampshire journal, or, the farmer's weekly museum</subfield><subfield code="w">(DLC)sn 83025575</subfield><subfield code="w">(OCoLC)9667542</subfield></datafield><datafield ind1="0" ind2="0" tag="785"><subfield code="t">Farmer's weekly museum Newhampshire and Vermont journal</subfield><subfield code="w">(DLC)sn 83025577</subfield><subfield code="w">(OCoLC)2261023</subfield></datafield><datafield ind1=" " ind2=" " tag="850"><subfield code="a">MH</subfield></datafield><datafield ind1=" " ind2=" " tag="938"><subfield code="a">Kirtas Technologies, Inc.</subfield><subfield code="b">KRTS</subfield><subfield code="n">737062</subfield></datafield></record>